<record><leader>00000cas a2200000 a 4500</leader><controlfield tag="001">22356823</controlfield><controlfield tag="008">900911d19221986miuwr ne      0    0eng c</controlfield><datafield ind1=" " ind2=" " tag="010"><subfield code="a">sn 89080020 </subfield></datafield><datafield ind1=" " ind2=" " tag="040"><subfield code="a">NPV</subfield><subfield code="b">eng</subfield><subfield code="c">NPV</subfield><subfield code="d">DLC</subfield><subfield code="d">MHN</subfield><subfield code="d">OCL</subfield><subfield code="d">OCLCQ</subfield><subfield code="d">OCLCO</subfield></datafield><datafield ind1="1" ind2=" " tag="029"><subfield code="a">AU@</subfield><subfield code="b">000012843166</subfield></datafield><datafield ind1=" " ind2=" " tag="042"><subfield code="a">pcc</subfield></datafield><datafield ind1=" " ind2=" " tag="043"><subfield code="a">n-us-mi</subfield></datafield><datafield ind1="0" ind2="0" tag="245"><subfield code="a">Hanover-Horton local.</subfield></datafield><datafield ind1=" " ind2=" " tag="260"><subfield code="a">Hanover, Mich. :</subfield><subfield code="b">E.P. Lamont</subfield></datafield><datafield ind1=" " ind2=" " tag="300"><subfield code="a">v.</subfield></datafield><datafield ind1=" " ind2=" " tag="310"><subfield code="a">Weekly</subfield></datafield><datafield ind1="0" ind2=" " tag="362"><subfield code="a">32nd yr., whole no. 1586 (May 25, 1922)-54th yr., whole no. 5771 (May 30, 1946) ; v. 55, no. 1 (June 6, 1946)-v. 95, no. 18 (Oct. 30, 1986).</subfield></datafield><datafield ind1=" " ind2=" " tag="500"><subfield code="a">Publisher varies.</subfield></datafield><datafield ind1=" " ind2=" " tag="530"><subfield code="a">Available on microfilm from Clarke Historical Library, Mt. Pleasant, Mich.</subfield></datafield><datafield ind1=" " ind2=" " tag="580"><subfield code="a">Formed by the union of: Hanover local, and Horton local.</subfield></datafield><datafield ind1=" " ind2="0" tag="651"><subfield code="a">Hanover (Mich.)</subfield><subfield code="v">Newspapers.</subfield></datafield><datafield ind1=" " ind2="0" tag="651"><subfield code="a">Horton (Mich.)</subfield><subfield code="v">Newspapers.</subfield></datafield><datafield ind1=" " ind2="0" tag="651"><subfield code="a">Jackson County (Mich.)</subfield><subfield code="v">Newspapers.</subfield></datafield><datafield ind1=" " ind2=" " tag="752"><subfield code="a">United States</subfield><subfield code="b">Michigan</subfield><subfield code="c">Jackson</subfield><subfield code="d">Hanover.</subfield></datafield><datafield ind1="1" ind2="4" tag="780"><subfield code="t">Hanover local</subfield><subfield code="w">(DLC)sn 89080018</subfield><subfield code="w">(OCoLC)22356629</subfield></datafield><datafield ind1="1" ind2="4" tag="780"><subfield code="t">Horton local</subfield><subfield code="w">(DLC)sn 89080019</subfield><subfield code="w">(OCoLC)22356708</subfield></datafield></record>